<?xml version="1.0" encoding="UTF-8"?><record xmlns="http://www.loc.gov/MARC21/slim" xmlns:cinclude="http://apache.org/cocoon/include/1.0" xmlns:zs="http://www.loc.gov/zing/srw/">
  <leader>00774cz  a2200205n  4500</leader>
  <controlfield tag="001">no2007091274</controlfield>
  <controlfield tag="003">DLC</controlfield>
  <controlfield tag="005">20130326111759.0</controlfield>
  <controlfield tag="008">070809n| azannaabn          |b aaa     c</controlfield>
  <datafield tag="010" ind1=" " ind2=" ">
    <subfield code="a">no2007091274</subfield>
  </datafield>
  <datafield tag="035" ind1=" " ind2=" ">
    <subfield code="a">(OCoLC)oca07489274</subfield>
  </datafield>
  <datafield tag="040" ind1=" " ind2=" ">
    <subfield code="a">OU</subfield>
    <subfield code="b">eng</subfield>
    <subfield code="e">rda</subfield>
    <subfield code="c">OU</subfield>
    <subfield code="d">OCoLC</subfield>
    <subfield code="d">DLC</subfield>
  </datafield>
  <datafield tag="046" ind1=" " ind2=" ">
    <subfield code="g">1987</subfield>
  </datafield>
  <datafield tag="100" ind1="1" ind2=" ">
    <subfield code="a">Daniyel, Eliyahu,</subfield>
    <subfield code="d">-1987</subfield>
  </datafield>
  <datafield tag="400" ind1="1" ind2=" ">
    <subfield code="w">nnea</subfield>
    <subfield code="a">Daniyel, Eliyahu,</subfield>
    <subfield code="d">d. 1987</subfield>
  </datafield>
  <datafield tag="400" ind1="0" ind2=" ">
    <subfield code="a">Malts'o,</subfield>
    <subfield code="d">-1987</subfield>
  </datafield>
  <datafield tag="400" ind1="1" ind2=" ">
    <subfield code="a">דניאל, אליהו,</subfield>
    <subfield code="d">נפ' 1987</subfield>
  </datafield>
  <datafield tag="667" ind1=" " ind2=" ">
    <subfield code="a">Machine-derived non-Latin script reference project.</subfield>
  </datafield>
  <datafield tag="667" ind1=" " ind2=" ">
    <subfield code="a">Non-Latin script reference not evaluated.</subfield>
  </datafield>
  <datafield tag="670" ind1=" " ind2=" ">
    <subfield code="a">Eliyahu Daniyel Malts'o, [1988?]:</subfield>
    <subfield code="b">cover (Eliyahu Daniyel Malts'o) p. 9 (b. in Bulgaria; imm. to Palestine in 1932; member of Kibbutz Maʻabarot) p. 54 (d. 1987 at the age of 78)</subfield>
  </datafield>
</record>